 @online{umlusecase, 
    author="Microsoft",
    title="UML Use Case Diagrams: Guidelines",
    url="https://msdn.microsoft.com/en-us/library/dd409432.aspx" 
} 

@online{eclipseusecase,
    author="Eclipse",
    title="Concept: Use-Case Model",
    url="http://epf.eclipse.org/wikis/openup/core.tech.common.extend_supp/guidances/concepts/use_case_model_CD178AF9.html"
}

@online{alhirusecase,
    author="Sinan Si Alhir",
    title="Understanding Use Case Modeling",
    url="http://www.methodsandtools.com/archive/archive.php?id=24"
}

@online{usecaseanalliu,
    author="Liu, Pengfei",
    title="Use Case Analysis",
    url="http://www1.se.cuhk.edu.hk/~seem3430/use%20case%20tutorial.pdf"
}

@online{ibmactivity,
    author="Ericsson, Maria",
    title="Activity diagrams: What they are and how to use them",
    url="https://www.ibm.com/developerworks/rational/library/2802.html"
}

@online{lucidactivity,
    author="Lucidchart",
    title="UML Activity Diagram Tutorial",
    url="https://www.lucidchart.com/pages/uml-activity-diagram"
}

@online{sourcemakingactivity,
    author="Source Making",
    title="Activity Diagrams",
    url="https://sourcemaking.com/uml/modeling-business-systems/external-view/activity-diagrams"
}

@book{fowleruml, 
    place="Boston", 
    title="UML Distilled: a Brief Guide to the Standard Object Modeling Language", 
    publisher="Addison-Wesley", 
    author="Fowler, Martin", 
    year="2004"
} 

@online{ibmclass,
    author="Bell, Donald",
    publisher="IBM",
    title="The class diagram",
    url="https://www.ibm.com/developerworks/rational/library/content/RationalEdge/sep04/bell/index.html",
    year="2004"
}

@book{ambleruml,
    place="New York, NY", 
    title="The object primer: agile mode-driven development with UML 2.0", publisher="Cambridge University Press", 
    author="Ambler, Scott", 
    year="2009"
}

@online{microsoftseq,
    author="Microsoft",
    title="UML Sequence Diagrams: Guidelines",
    url="https://msdn.microsoft.com/en-us/library/dd409389.aspx"
}

@online{feliciseq,
    author="Felici, Massimo",
    title="Sequence Diagrams",
    url="http://www.inf.ed.ac.uk/teaching/courses/seoc/2011_2012/notes/SEOC08_notes.pdf"
}

@online{seqbell,
    author="Bell, Donald",
    title="The sequence diagram",
    url="https://www.ibm.com/developerworks/rational/library/3101.html",
    publisher="IBM",
    year="2004"
}

@online{felicicomp,
    author="Felici, Massimo",
    title="Component Diagrams",
    url="http://www.inf.ed.ac.uk/teaching/courses/seoc/2011_2012/notes/SEOC07_notes.pdf"
}

@online{microsoftcomp,
    author="Microsoft",
    title="UML Component Diagrams: Guidelines",
    url="https://msdn.microsoft.com/en-us/library/dd409393.aspx"
}

@online{bellcomp,
    author="Bell, Donald",
    title="The component diagram",
    url="https://www.ibm.com/developerworks/rational/library/dec04/bell/index.html",
    publisher="IBM",
    year="2004"
}